@article{juliani2018unity,
  title={Unity: A general platform for intelligent agents},
  author={Juliani, Arthur and Berges, Vincent-Pierre and Vckay, Esh and Gao, Yuan and Henry, Hunter and Mattar, Marwan and Lange, Danny},
  journal={arXiv preprint arXiv:1809.02627},
  year={2018}
}